<record><leader>00000cas a2200000 a 4500</leader><controlfield tag="001">48984812</controlfield><controlfield tag="008">020212d19831992iluwr ne      0   a0eng c</controlfield><datafield ind1=" " ind2=" " tag="010"><subfield code="a">sn2002060723</subfield></datafield><datafield ind1=" " ind2=" " tag="040"><subfield code="a">CVF</subfield><subfield code="b">eng</subfield><subfield code="c">CVF</subfield><subfield code="d">OCLCQ</subfield><subfield code="d">NVF</subfield><subfield code="d">OCLCF</subfield><subfield code="d">OCLCO</subfield></datafield><datafield ind1="1" ind2=" " tag="029"><subfield code="a">AU@</subfield><subfield code="b">000023373731</subfield></datafield><datafield ind1=" " ind2=" " tag="042"><subfield code="a">pcc</subfield></datafield><datafield ind1=" " ind2=" " tag="043"><subfield code="a">n-us-il</subfield></datafield><datafield ind1="0" ind2="0" tag="245"><subfield code="a">Bridgeview Hills reporter.</subfield></datafield><datafield ind1=" " ind2=" " tag="260"><subfield code="a">Chicago Ridge, Ill. ;</subfield><subfield code="a">Palos Heights, Ill. :</subfield><subfield code="b">Meredith Nicholson,</subfield><subfield code="c">1983-1992.</subfield></datafield><datafield ind1=" " ind2=" " tag="300"><subfield code="a">v.</subfield></datafield><datafield ind1=" " ind2=" " tag="310"><subfield code="a">Weekly</subfield></datafield><datafield ind1="0" ind2=" " tag="362"><subfield code="a">Vol. 24, no. 4 (Apr. 28, 1983)-v. 33, no. 1 (Apr. 9, 1992).</subfield></datafield><datafield ind1=" " ind2=" " tag="515"><subfield code="a">Continues the numbering of Reporter (Chicago Ridge, Ill.).</subfield></datafield><datafield ind1=" " ind2="0" tag="651"><subfield code="a">Bridgeview (Ill.)</subfield><subfield code="v">Newspapers.</subfield></datafield><datafield ind1=" " ind2="0" tag="651"><subfield code="a">Hickory Hills (Ill.)</subfield><subfield code="v">Newspapers.</subfield></datafield><datafield ind1=" " ind2="0" tag="651"><subfield code="a">Palos Hills (Ill.)</subfield><subfield code="v">Newspapers.</subfield></datafield><datafield ind1=" " ind2="7" tag="655"><subfield code="a">Newspapers.</subfield><subfield code="2">fast</subfield><subfield code="0">(OCoLC)fst01423814</subfield></datafield><datafield ind1=" " ind2="7" tag="651"><subfield code="a">Illinois</subfield><subfield code="z">Bridgeview.</subfield><subfield code="2">fast</subfield><subfield code="0">(OCoLC)fst01226546</subfield></datafield><datafield ind1=" " ind2="7" tag="651"><subfield code="a">Illinois</subfield><subfield code="z">Hickory Hills.</subfield><subfield code="2">fast</subfield><subfield code="0">(OCoLC)fst01226538</subfield></datafield><datafield ind1=" " ind2="7" tag="651"><subfield code="a">Illinois</subfield><subfield code="z">Palos Hills.</subfield><subfield code="2">fast</subfield><subfield code="0">(OCoLC)fst01277916</subfield></datafield><datafield ind1=" " ind2=" " tag="752"><subfield code="a">United States</subfield><subfield code="b">Illinois</subfield><subfield code="c">Cook</subfield><subfield code="d">Chicago Ridge.</subfield></datafield><datafield ind1=" " ind2=" " tag="752"><subfield code="a">United States</subfield><subfield code="b">Illinois</subfield><subfield code="c">Cook</subfield><subfield code="d">Palos Heights.</subfield></datafield><datafield ind1="0" ind2=" " tag="775"><subfield code="t">Worth-Palos reporter</subfield><subfield code="w">(DLC)sn 94060687</subfield></datafield><datafield ind1="0" ind2=" " tag="775"><subfield code="t">Oak Lawn reporter</subfield><subfield code="w">(DLC)sn2002060722</subfield></datafield><datafield ind1="0" ind2="0" tag="780"><subfield code="t">Reporter (Chicago Ridge, Ill.)</subfield><subfield code="w">(DLC)sn2002060721</subfield><subfield code="w">(OCoLC)48984809</subfield></datafield><datafield ind1="0" ind2="0" tag="785"><subfield code="t">Reporter (Palos Heights, Ill. : Palos Hills-Hickory Hills ed.)</subfield><subfield code="w">(DLC)sn2002060724</subfield><subfield code="w">(OCoLC)48984827</subfield></datafield></record>